<record><leader>00000cas a22000007a 4500</leader><controlfield tag="001">33663779</controlfield><controlfield tag="008">951122d19871994okudn n       0    0eng d</controlfield><datafield ind1=" " ind2=" " tag="010"><subfield code="a">sn 95076320 </subfield></datafield><datafield ind1=" " ind2=" " tag="040"><subfield code="a">OBN</subfield><subfield code="b">eng</subfield><subfield code="c">OBN</subfield><subfield code="d">OCLCQ</subfield><subfield code="d">OCLCF</subfield><subfield code="d">OCLCO</subfield></datafield><datafield ind1="1" ind2=" " tag="029"><subfield code="a">AU@</subfield><subfield code="b">000025857195</subfield></datafield><datafield ind1=" " ind2=" " tag="042"><subfield code="a">msc</subfield></datafield><datafield ind1="0" ind2=" " tag="130"><subfield code="a">Broken Arrow daily ledger (Broken Arrow, Okla. : 1987)</subfield></datafield><datafield ind1="0" ind2="0" tag="245"><subfield code="a">Broken Arrow daily ledger.</subfield></datafield><datafield ind1="3" ind2=" " tag="246"><subfield code="a">Broken Arrow ledger Sunday edition</subfield></datafield><datafield ind1=" " ind2=" " tag="260"><subfield code="a">Broken Arrow, Okla. :</subfield><subfield code="b">Park Newspapers of Northeastern Oklahoma</subfield></datafield><datafield ind1=" " ind2=" " tag="300"><subfield code="a">v.</subfield></datafield><datafield ind1=" " ind2=" " tag="310"><subfield code="a">Daily (except Mon. and Sat.)</subfield><subfield code="b">Mar. 6, 1988-Feb. 6, 1994.</subfield></datafield><datafield ind1=" " ind2=" " tag="321"><subfield code="a">Daily (except Sat. and Sun.)</subfield><subfield code="b">Nov. 10, 1987-Mar. 4, 1988.</subfield></datafield><datafield ind1="0" ind2=" " tag="362"><subfield code="a">Vol. 85, no. 144 (Nov. 10, 1987)-v. 91, no. 208 (Feb. 8, 1994).</subfield></datafield><datafield ind1=" " ind2=" " tag="500"><subfield code="a">Sunday ed. published as: Broken Arrow ledger Sunday edition.</subfield></datafield><datafield ind1=" " ind2="0" tag="651"><subfield code="a">Broken Arrow (Okla.)</subfield><subfield code="v">Newspapers.</subfield></datafield><datafield ind1=" " ind2="0" tag="651"><subfield code="a">Tulsa County (Okla.)</subfield><subfield code="v">Newspapers.</subfield></datafield><datafield ind1=" " ind2="7" tag="655"><subfield code="a">Newspapers.</subfield><subfield code="2">fast</subfield><subfield code="0">(OCoLC)fst01423814</subfield></datafield><datafield ind1=" " ind2="7" tag="651"><subfield code="a">Oklahoma</subfield><subfield code="z">Broken Arrow.</subfield><subfield code="2">fast</subfield><subfield code="0">(OCoLC)fst01236703</subfield></datafield><datafield ind1=" " ind2="7" tag="651"><subfield code="a">Oklahoma</subfield><subfield code="z">Tulsa County.</subfield><subfield code="2">fast</subfield><subfield code="0">(OCoLC)fst01220997</subfield></datafield><datafield ind1=" " ind2=" " tag="752"><subfield code="a">United States</subfield><subfield code="b">Oklahoma</subfield><subfield code="c">Tulsa</subfield><subfield code="d">Broken Arrow.</subfield></datafield><datafield ind1="0" ind2="0" tag="780"><subfield code="t">Daily ledger (Broken Arrow, Okla. : 1981)</subfield><subfield code="w">(DLC)sn 95076319</subfield><subfield code="w">(OCoLC)33663527</subfield></datafield><datafield ind1="0" ind2="7" tag="785"><subfield code="t">Broken Arrow scout</subfield><subfield code="w">(DLC)sn 95076322</subfield><subfield code="w">(OCoLC)33664004</subfield></datafield><datafield ind1="0" ind2="7" tag="785"><subfield code="t">Broken Arrow ledger (Broken Arrow, Okla. : 1994)</subfield><subfield code="w">(DLC)sn 9507632</subfield><subfield code="w">(OCoLC)33663898</subfield></datafield></record>